@online{1,
  author       = {SpeedwellClimate},
  title        = {Kopplung der europäischen Stromgroßhandelsmärkte / Berechnung gebotszonenübergreifender Übertragungskapazitäten},
  year         = {o.\,D.},
  url          ={https://www.epexspot.com/sites/default/files/download_center_files/Possible%20Hedging%20Strategies%20for%20Wind%20Power%20Generation.pdf},
  note         = {PDF, abgerufen am 10. April 2025}
}

@article{3,
  title={Modelling the joint behaviour of electricity prices in interconnected markets},
  author={Christensen, Troels S{\o}nderby and Benth, Fred Espen},
  journal={Quantitative Finance},
  volume={20},
  number={9},
  pages={1441--1456},
  year={2020},
  publisher={Taylor \& Francis}
}

@online{4,
  author       = {ACER},
  title        = {ACER POLICY PAPER
ON THE
FURTHER DEVELOPMENT OF THE EU
ELECTRICITY FORWARD MARKET},
  year         = {2023},
  url          ={https://www.acer.europa.eu/sites/default/files/documents/Position%20Papers/Electricity_Forward_Market_PolicyPaper.pdf},
  note         = {PDF, abgerufen am 10. April 2025}
}

@article{7,
  title={The cannibalization effect of wind and solar in the California wholesale electricity market},
  author={Prol, Javier L{\'o}pez and Steininger, Karl W and Zilberman, David},
  journal={Energy Economics},
  volume={85},
  pages={104552},
  year={2020},
  publisher={Elsevier}
}

@article{8,
  title={Revenue and risk of variable renewable electricity investment: The cannibalization effect under high market penetration},
  author={Reichenberg, Lina and Ekholm, Tommi and Boomsma, Trine},
  journal={Energy},
  volume={284},
  pages={128419},
  year={2023},
  publisher={Elsevier}
}

@article{10,
  title={How much should we pay for interconnecting electricity markets? A real options approach},
  author={Cartea, {\'A}lvaro and Gonz{\'a}lez-Pedraz, Carlos},
  journal={Energy Economics},
  volume={34},
  number={1},
  pages={14--30},
  year={2012},
  publisher={Elsevier}
}

@article{11,
  title={Analytical approximation for the price dynamics of spark spread options},
  author={Benth, Fred E and Saltyte-Benth, Jurate},
  journal={Studies in Nonlinear Dynamics \& Econometrics},
  volume={10},
  number={3},
  year={2006},
  publisher={De Gruyter}
}

@article{12,
  title={A regime-switching copula approach to modeling day-ahead prices in coupled electricity markets},
  author={Pircalabu, Anca and Benth, Fred Espen},
  journal={Energy Economics},
  volume={68},
  pages={283--302},
  year={2017},
  publisher={Elsevier}
}

@article{13,
  title={The impacts of variable renewable production and market coupling on the convergence of French and German electricity prices},
  author={Keppler, Jan Horst and Phan, Sebastien and Pen, Yannick Le},
  journal={The Energy Journal},
  volume={37},
  number={3},
  pages={343--360},
  year={2016},
  publisher={SAGE Publications Sage CA: Los Angeles, CA}
}

@article{15,
  title={A regime switching long memory model for electricity prices},
  author={Haldrup, Niels and Nielsen, Morten {\O}rregaard},
  journal={Journal of econometrics},
  volume={135},
  number={1-2},
  pages={349--376},
  year={2006},
  publisher={Elsevier}
}

@article{16,
  title={Integration in the European electricity market: A machine learning-based convergence analysis for the Central Western Europe region},
  author={Saez, Yago and Mochon, Asuncion and Corona, Luis and Isasi, Pedro},
  journal={Energy Policy},
  volume={132},
  pages={549--566},
  year={2019},
  publisher={Elsevier}
}

@article{17,
  title={Two price zones for the German electricity market—Market implications and distributional effects},
  author={Egerer, Jonas and Weibezahn, Jens and Hermann, Hauke},
  journal={Energy Economics},
  volume={59},
  pages={365--381},
  year={2016},
  publisher={Elsevier}
}

@article{20,
  title={Electricity market integration and impact of renewable energy sources in the Central Western Europe region: Evolution since the implementation of the Flow-Based Market Coupling mechanism},
  author={Corona, Luis and Mochon, Asuncion and Saez, Yago},
  journal={Energy Reports},
  volume={8},
  pages={1768--1788},
  year={2022},
  publisher={Elsevier}
}

@article{21,
  title={Toward a fundamental understanding of flow-based market coupling for cross-border electricity trading},
  author={Sch{\"o}nheit, David and Kenis, Michiel and Lorenz, Lisa and M{\"o}st, Dominik and Delarue, Erik and Bruninx, Kenneth},
  journal={Advances in Applied Energy},
  volume={2},
  pages={100027},
  year={2021},
  publisher={Elsevier}
}

@article{23,
  title={The electricity market in Greece: Current status, identified challenges, and arranged reforms},
  author={Makrygiorgou, Jemma J and Karavas, Christos-Spyridon and Dikaiakos, Christos and Moraitis, Ioannis P},
  journal={Sustainability},
  volume={15},
  number={4},
  pages={3767},
  year={2023},
  publisher={MDPI}
}

@online{ENTSOE_ATC_NTC,
  author       = {ENTSO-E},
  title        = {Net Transfer Capacities (NTC)
and
Available Transfer Capacities (ATC)
in the
Internal Market of Electricity in Europe (IEM)
Information for User},
  year         = {2000},
  url          = {https://eepublicdownloads.entsoe.eu/clean-documents/pre2015/ntc/entsoe_NTCusersInformation.pdf},
  note         = {PDF, abgerufen am 8. April 2025}
}

@online{Bundesnetzagentur,
  author       = {Bundesnetzagentur},
  title        = {Kopplung der europäischen Stromgroßhandelsmärkte / Berechnung gebotszonenübergreifender Übertragungskapazitäten},
  year         = {2025},
  url          ={https://www.bundesnetzagentur.de/DE/Fachthemen/ElektrizitaetundGas/HandelundVertrieb/EuropMarktkopplung/artikel.html},
  note         = {abgerufen am 8. April 2025}
}

@online{ENTSOE_market_report,
  author       = {ENTSO-E},
  title        = {ENTSO-E Market Report 2024},
  year         = {2024},
  url          ={https://eepublicdownloads.blob.core.windows.net/public-cdn-container/clean-documents/news/2024/entso-e_market_report_2024_240628.pdf},
  note         = {PDF, abgerufen am 10. April 2025}
}

@online{ENTSOE_SDAC,
  author       = {ENTSO-E},
  title        = {Single Day-ahead Coupling (SDAC)},
  year         = {2024},
  url          ={https://www.entsoe.eu/network_codes/cacm/implementation/sdac/},
  note         = {abgerufen am 11. April 2025}
}


